2039 3434
1060 131 1134 178 44

326 210 536 264 oppidanis
547 217 652 260 parat
667 204 1082 253 ultionemzcontrahit
1089 202 1305 246 exercitum
1314 203 1601 258 desuismagna
1609 219 1654 247 ex
1661 217 1769 263 parte
1777 204 1866 249 sub·a

329 271 420 306 ditis
429 285 439 305 .·
457 265 714 313 Reutlingios
723 277 775 302 ex¹
784 265 837 301 im
840 275 913 316 pro
919 262 998 300 viso
1005 263 1139 316 media'
1149 262 1290 310 hyeme
1299 262 1507 317 obfidione
1517 266 1661 315 cingit:
1680 266 1812 305 fontes
1822 277 1869 304 ac

328 324 472 363 fluvios
492 324 631 362 avertit
648 337 655 358 ε
684 331 819 359 mutos
831 321 998 371 amplius
1014 319 1269 370 septingentis
1279 319 1417 358 ictibus
1428 321 1622 368 majorum
1639 313 1864 372 tormento-

333 394 351 419 ι
358 394 423 419 um
432 382 616 419 verberat.
628 379 830 430 Oppidani
838 376 970 415 subito
986 375 1216 413 infortunio
1223 376 1493 426 perterriti,sed
1502 388 1588 415 non
1600 378 1867 422 fraCtLurbem

324 438 484 476 fortiter
501 436 646 474 defend
654 445 725 472 unt
752 449 761 470 :
789 445 926 471 muros
936 444 1080 471 acervo
1093 432 1356 483 projectilium
1380 432 1558 471 saxorum
1576 431 1765 473 indefesse
1777 438 1864 471 mu'·

323 497 441 531 munt
451 504 462 534 z
473 493 535 544 spe
545 493 632 530 freti
642 490 765 530 hostes
774 491 813 527 in
824 491 998 527 maximo
1008 488 1171 539 frigore,
1189 490 1227 527 ὅ(
1236 487 1330 533 alta,
1344 501 1431 540 quae
1440 489 1610 536 jacebat,
1626 494 1716 529 nive
1728 491 1870 529 durare

326 550 395 587 diu
405 550 511 587 haud
523 548 639 601 poffe.
673 551 764 586 Dux
773 549 797 583 d
805 559 871 584 um
883 545 982 583 nihil
991 545 1147 595 segnior
1158 545 1208 583 ad
1222 545 1374 587 Urbem
1383 548 1684 596 expugnandam
1691 557 1799 584 totus
1807 557 1870 583 ac-

325 608 559 655 cingeretur,
570 607 636 643 vili
647 604 738 654 sago
750 604 888 656 tectus,
897 605 935 640 &
946 602 1142 640 rusticano
1149 602 1258 654 pileo
1268 616 1277 639 :
1287 601 1492 640 corruisset
1499 613 1648 652 magna
1662 604 1765 640 muri
1778 613 1868 653 pars

326 665 424 700 arcis
439 661 566 700 eversa
586 662 776 699 machinis
793 674 801 696 ε
819 656 894 697 alte
912 659 1079 697 brumali
1092 660 1185 709 gelu
1201 658 1303 697 foss‘ae
1321 658 1704 701 concretae,hostibus
1714 659 1868 696 aditum

325 731 400 770 prae
406 721 543 757 bercnt
552 731 634 756 non
644 717 842 755 difficilem
851 744 860 760 ‚
875 713 1037 766 oppressi
1047 726 1109 752 tot
1122 716 1233 753 malis
1244 715 1502 764 Reutlingani
1512 716 1759 753 deditionem
1773 715 1870 752 faci-

328 786 401 812 unt
420 790 427 813 :
445 777 629 825 Princeps
638 803 648 817 ,
664 775 760 812 urbe
769 771 997 825 praefidiode
1006 770 1079 810 suis
1089 769 1243 809 munita
1252 771 1418 808 domum
1428 770 1464 808 se
1471 772 1623 822 recipit.
1650 772 1738 809 Erat
1747 771 1786 808 in
1795 770 1870 808 foe-

326 831 427 872 dere,
438 833 494 868 uti
505 829 954 882 appellabatur,Suevico
968 829 1208 877 Reutlmgia.
1237 831 1490 881 Qapropter
1505 828 1765 866 confoederati
1781 828 1868 873 ejus

325 887 522 925 remhanc
538 887 629 924 adse
643 888 840 937 pertinere
858 884 1139 925 existimantes,
1156 885 1225 921 diu
1236 895 1320 921 non
1336 883 1592 922 cunstantur:
1609 883 1756 921 bellum
1767 883 1870 920 Duci

325 945 511 981 indicunt
523 943 722 981 :refistenti
732 943 938 994 plerasque
951 951 1054 978 arces
1063 967 1074 982 ,
1085 941 1311 991 oppidaque
1322 940 1521 977 adimunt:
1538 949 1682 990 urgent
1692 940 1746 976 ita
1756 939 1865 976 deni-

323 1012 402 1049 que
420 1001 679 1038 imminutum
687 999 908 1042 viribus‚ut
917 996 1113 1034 relictisin
1134 1008 1221 1034 arce
1237 995 1484 1044 Tubingenfi
1500 996 1629 1034 liberis
1638 1007 1706 1047 per
1721 995 1870 1044 sylvam

323 1056 562 1104 Hercyniam
570 1057 614 1093 in
623 1052 1022 1106 Mompelgartensem
1032 1054 1266 1090 comitatum
1276 1053 1448 1102 recipere
1457 1050 1533 1090 sese
1542 1061 1758 1102 cogeretur.
1773 1052 1868 1088 Eam

323 1112 471 1150 deinde
481 1113 731 1162 provinciam
741 1112 862 1150 Caesar
870 1109 890 1146 ὲ
900 1109 1181 1148 confoederatis
1193 1123 1200 1146 ε
1210 1108 1294 1159 post
1301 1108 1571 1147 Ferdinandus
1582 1111 1708 1147 Frater
1722 1106 1744 1144 ὁ.
1752 1107 1872 1145 Caesa-

325 1180 365 1206 re
375 1196 386 1211 ‚
404 1180 493 1205 cum
503 1167 700 1207 haereditas
718 1168 962 1205 divideretur
970 1195 980 1209 ,
999 1165 1051 1203 est
1059 1165 1307 1204 consecutus.
1335 1161 1460 1203 Patria
1470 1176 1565 1205 vero
1575 1166 1664 1203 Dux
1672 1163 1866 1214 profugus

324 1224 601 1262 Helvetiorum
619 1224 770 1275 aliquot
779 1223 900 1261 millia
908 1225 1034 1272 cogit,
1055 1233 1097 1260 ut
1107 1221 1171 1260 sua
1187 1231 1451 1272 recuperaret:
1468 1222 1505 1258 &
1516 1231 1648 1272 praeter
1661 1221 1748 1263 alja,
1762 1221 1868 1257 Stut-

323 1282 462 1329 gardiae
472 1280 701 1319 suburbium
711 1283 812 1329 capit
825 1281 885 1316 :in
894 1291 985 1328 e0q3
997 1279 1113 1316 castra
1121 1281 1246 1329 ponit,
1260 1288 1302 1314 ut
1311 1278 1503 1329 oppidum
1512 1279 1631 1315 etiam
1640 1284 1868 1327 occuparet.

323 1338 427 1375 Cum
438 1347 569 1374 autem
579 1338 734 1376 Suevici
743 1337 900 1374 foederis
916 1335 1093 1379 ordines,
1106 1337 1141 1372 δ(
1151 1334 1554 1383 Ferdinandiquoque
1563 1334 1681 1383 Regis
1693 1331 1869 1383 ptaefeffl,

328 1394 398 1442 qui
410 1394 614 1442 regionem
624 1395 728 1432 illam
737 1393 913 1433 tenebat,
921 1393 1052 1443 copias
1065 1391 1378 1430 conscriberent:
1389 1392 1426 1427 ὅ(
1436 1386 1592 1428 occulte
1601 1390 1743 1427 milites
1754 1398 1873 1437 atque

324 1449 442 1486 duces
461 1450 507 1487 ad
518 1450 795 1500 defeffionern,
805 1449 1109 1490 solicitarentur,
1119 1448 1284 1498 pecunia
1293 1457 1454 1495 quoque
1472 1457 1558 1484 non
1566 1446 1803 1496 suppeteret,
1821 1442 1873 1481 ab

326 1507 491 1556 incepto
502 1507 630 1544 rursus
639 1499 812 1544 defiste‘re
820 1505 975 1543 coactus
985 1504 1071 1542 fuit.
1106 1504 1323 1541 Reducitur
1333 1503 1496 1540 tandem
1511 1503 1683 1553 patrium
1692 1502 1735 1538 in
1744 1501 1872 1538 Duca-

405 1572 491 1601 tum
504 1574 627 1614 opera
644 1559 1033 1610 maximelaboreque
1046 1560 1215 1612 Philippi
1231 1555 1364 1596 Haffiae
1373 1559 1605 1608 Landgravij
1616 1585 1627 1602 ‚
1642 1569 1735 1596 cum
1747 1555 1791 1594 in

564 1619 839 1659 Vndecimum
852 1617 972 1666 usque
980 1629 1133 1654 annum
1142 1616 1228 1655 exili
1236 1614 1618 1665 ampertuhffctslei-

692 1674 978 1735 danus.Joannes
988 1671 1107 1711 Pedius
1126 1669 1352 1724 Techingerus
1357 1673 1396 1709 in
1407 1678 1503 1710 Com-

843 1740 949 1770 ment.
977 1728 1019 1767 de
1042 1727 1225 1767 Hulderico
1241 1730 1353 1768 Princ.
1401 1746 1403 1750 >

978 1792 1013 1827 V
1011 1792 1043 1825 V
1041 1783 1220 1840 irtenberg.

1712 2726 1873 2771 NUM->
