2039 3434
1060 103 1080 144 5
1085 102 1118 142 4

330 182 493 222 tandem
503 180 540 218 δι
551 177 575 215 h
582 178 644 216 uic
653 173 932 222 Mediolanum
945 184 1126 224 ereptum
1144 172 1165 210 ὲ
1173 172 1339 216 Carolos
1349 174 1387 211 &
1395 170 1562 212 Maffilia
1571 170 1704 212 Galliae
1713 154 1870 215 'transal-

329 241 431 292 pinae
442 237 531 274 urbs
542 234 701 282 infignis
710 230 863 277 obsessa.
898 233 1026 267 Duces
1041 231 1229 268 exercitus
1239 239 1352 267 erant
1362 230 1529 268 Carolus
1545 230 1751 280 Borboniae
1765 233 1880 282 prin-=

332 305 423 345 ceps
433 295 524 343 ,-.qui
537 302 662 341 nuper
677 289 698 325 a
709 287 823 326 Gallo
832 288 881 324 ad
892 286 1079 324 Caesarem
1089 286 1288 323 defecerat
1301 299 1310 323 ε
1323 284 1366 327 ’,δέ
1375 285 1738 324 Marchio‘Pistariae
1748 285 1872 335 vulgo

329 351 379 389 fic
388 350 619 388 nominatus
633 345 770 382 :ambo
779 345 852 382 viri
870 343 917 380 ad
933 344 1074 381 omnia
1084 342 1145 379 vel
1158 341 1372 390 cogitanda
1387 342 1449 379 vel
1461 341 1690 392 explicanda
1706 341 1867 379 consilia

331 402 626 457 prudentissimi.
647 402 700 438 Hi
708 397 1005 439 r‘elimMaffilia
1014 399 1026 447 (
1036 410 1127 435 cum
1138 397 1157 434 a
1165 397 1282 435 Gallo
1291 398 1477 435 maximas
1486 398 1668 437 contrahi
1679 399 1810 448 copias
1822 398 1872 437 ad.

331 463 561 502 solvendam
571 455 737 495 Maffiliae
746 450 1231 506 obsidioneminaudirent
1240 454 1252 501 )
1262 456 1472 492 exercitum
1483 450 1562 491 alio
1570 451 1685 491 suum
1702 455 1868 492 abduxe-

332 530 433 558 runt.
464 515 769 557 Gallus,viribus
779 515 815 549 ὅ(
826 523 923 549 tunc
931 507 1140 548 videbatur
1149 510 1341 561 superior,
1358 508 1456 547 mira
1469 510 1669 548 celeritate
1687 510 1871 560 superatis

330 577 381 615 Al
386 574 683 626 pibuS,ineunte
693 569 857 607 Ofilobri
868 579 1004 616 agrum
1015 566 1354 605 Mediolanensem
1364 567 1503 615 attigit.
1529 571 1686 604 interea
1694 568 1776 618 pari
1793 566 1869 603 stu-

331 633 400 670 dio
409 630 462 668 est
469 626 518 666 co
528 635 786 679 properatum
804 623 825 661 ὲ
837 625 1060 662 Caesarianis
1071 623 1246 661 ducibus.
1298 624 1351 660 Hi
1362 623 1519 673 Papiam
1530 623 1618 671 (aut
1627 632 1668 660 ut
1680 633 1791 661 vetus
1799 621 1866 660 ha-

332 688 451 726 bebat
462 696 610 723 nomen
620 686 632 730 )
641 682 831 720 Ticinum
845 697 857 718 :
874 680 977 718 illius
993 679 1108 722 duces
1115 691 1206 717 cum
1221 679 1422 728 equitibus
1434 679 1583 728 aliquot
1591 679 1870 717 Mediolanum

332 740 486 793 ingreffi
496 740 679 788 sunt‚rcgi
690 740 727 776 ὃ(
737 738 862 788 copiis
872 738 956 774 eius
971 735 1138 787 hospitia
1155 736 1324 785 petituri.
1378 734 1527 772 Interea
1537 736 1692 785 Papiam
1702 745 1871 785 quoque

332 797 518 839 concessit
530 800 618 835 Dux
626 794 817 834 Caesareus
827 794 1030 832 Antonius
1039 793 1152 836 Levat,
1164 791 1410 843 virinprimis
1418 790 1594 829 strenuus
1605 808 1619 838 i
1635 791 1704 841 qui
1712 791 1870 841 conspe-

331 857 400 895 ctis
413 855 582 893 hostium
594 850 925 903 exploratoribus,
951 849 1098 890 muniri
1115 848 1362 887 locaomnia:
1377 847 1658 885 ferrea&aenea
1668 857 1869 886 tormenta

331 910 559 965 lapidesque
581 907 863 946 tormentarios
881 905 1096 943 subvectui
1113 919 1121 942 :
1158 916 1342 956 aggerem
1355 905 1461 942 intus
1483 904 1643 942 substrui
1658 917 1666 940 ε
1694 904 1871 953 denique

331 969 433 1009 nihil
443 980 527 1005 non
539 976 680 1003 eorum
691 965 816 1014 parari
830 961 939 1009 jubet
947 991 957 1005 ‚
977 963 1088 1011 quod
1097 961 1144 999 ad
1154 961 1366 1000 arcendum
1381 958 1530 1000 hostem
1546 961 1742 1010 pertinere
1750 959 1870 998 existi-

331 1034 464 1066 maret.
500 1025 536 1060 A
555 1021 668 1060 Gallo
684 1021 802 1071 Papia
809 1017 977 1057 obfideri
991 1028 1110 1070 caepta
1118 1019 1274 1070 Qinto
1283 1017 1440 1055 Calend.
1451 1017 1648 1056 Novemb.
1656 1015 1738 1053 aQa
1746 1018 1870 1054 utrin-

332 1095 410 1133 que
429 1093 485 1123 ea‚
499 1091 583 1129 quae
594 1079 641 1116 ad
649 1076 999 1129 oppugnationem
1013 1075 1097 1121 ejus
1110 1073 1320 1117 strenuam,
1349 1085 1516 1123 quaeque
1531 1073 1579 1110 ad
1595 1070 1870 1111 defenfionem

331 1138 498 1192 spectare
512 1134 756 1174 videbantur.
813 1133 993 1171 Durante
1010 1130 1216 1169 obfidione
1233 1130 1376 1169 octavo
1390 1130 1477 1167 ldus
1491 1129 1687 1168 Novemb.
1705 1129 1752 1167 de
1762 1141 1870 1166 com-

334 1196 449 1238 muni
459 1193 494 1231 se
500 1188 653 1230 utentia
661 1190 710 1228 ad
718 1189 1026 1241 oppugnandam
1035 1189 1172 1226 urbem
1180 1216 1190 1230 ,
1202 1196 1312 1225 totus
1322 1183 1445 1225 ferme
1459 1186 1648 1225 exercitus
1656 1186 1803 1235 rapitur
1812 1212 1823 1229 ,
1831 1187 1869 1224 &

335 1254 385 1293 ad
395 1251 489 1302 ipsas
498 1248 866 1286 foffasadmovetur.
918 1246 1001 1298 Qi
1017 1245 1126 1282 intus
1138 1254 1248 1281 erant
1258 1244 1486 1293 vasalignea‚
1497 1252 1635 1280 terram
1643 1270 1653 1284 ,
1662 1242 1732 1278 alia
1742 1242 1866 1279 multa

334 1317 581 1358 comportare
591 1319 598 1341 :
610 1315 766 1354 aggeres
775 1304 921 1353 erigere
932 1312 939 1335 :
950 1299 1049 1356 nihil
1063 1299 1164 1338 hosti·
1176 1309 1451 1351 opportunum
1465 1298 1704 1348 relinquere:
1716 1297 1815 1335 nihil
1824 1297 1866 1335 fi-

335 1367 377 1406 bi
388 1364 497 1414 quod
507 1363 697 1400 idoneum
707 1360 755 1398 ad
770 1357 1048 1409 depellendum
1058 1356 1151 1394 esset
1164 1385 1173 1399 ‚
1202 1355 1421 1405 neglectum
1435 1358 1671 1406 permittere.
1726 1354 1872 1391 Secun-

335 1424 432 1462 dum
443 1421 521 1460 haec
537 1420 679 1457 milites
696 1415 885 1455 Germani
899 1415 1129 1466 catervatim
1145 1413 1194 1452 ad
1206 1413 1363 1453 Ducem
1380 1420 1665 1451 concurrentes
1680 1409 1868 1462 stipendia

338 2031 501 2080 exigere,
511 2026 614 2066 unde
624 2025 659 2064 se
676 2021 856 2068 vestiant,
866 2023 972 2062 u'nde
982 2020 1111 2060 ventri
1128 2023 1292 2071 quoque
1301 2016 1547 2056 satisfaciant.
1576 2013 1812 2053 Decernitur
1826 2012 1872 2050 ut

336 2102 375 2126 m
383 2100 441 2125 erc
452 2097 569 2123 itores
579 2084 751 2135 pannarij
763 2082 928 2119 militem
939 2079 1089 2117 vestiit:
1101 2075 1224 2115 soluta
1235 2074 1456 2116 obsidione,
1464 2073 1484 2111 a
1493 2072 1659 2111 Caesario
1669 2070 1867 2124 Qaestore

337 2144 541 2196 pecuniam
554 2141 769 2190 accepturi:
801 2148 986 2175 nummos
996 2135 1117 2172 exteri
1132 2129 1275 2170 mutuo
1284 2132 1428 2169 darent.
1478 2129 1695 2167 Venditum
1713 2121 1868 2175 publice

336 2211 499 2250 quoqne
510 2198 764 2234 frumentum.
795 2194 867 2231 Sed
879 2193 943 2231 ubi
957 2204 1026 2230 nec
1038 2191 1096 2228 his
1107 2191 1271 2239 quidem
1279 2188 1409 2225 modis
1426 2195 1582 2223 tantum
1603 2182 1784 2221 contrahi
1797 2193 1867 2232 po-

336 2268 409 2295 tuit
424 2255 573 2304 {ignatae
583 2253 762 2304 pecuniae
776 2278 787 2292 ‚
802 2261 846 2288 ut
857 2244 970 2287 militi
988 2246 1199 2285 solveretur
1210 2272 1222 2287 ,
1241 2246 1538 2292 Levaargentea
1549 2240 1613 2278 sua
1631 2239 1713 2276 vasa
1730 2239 1869 2275 omnia

338 2312 600 2354 conflandam
614 2320 800 2346 nummos
809 2305 987 2344 converti
1003 2302 1124 2348 justit,
1138 2301 1485 2352 undestipendium
1494 2298 1544 2335 est
1561 2297 1674 2334 militi
1685 2295 1870 2332 fubmini-
1894 2332 1897 2333 ⁷

337 2371 506 2408 stratum.
535 2365 720 2405 Crescere
730 2373 851 2414 coepit
863 2364 940 2400 hoc
956 2371 1136 2410 tempore
1147 2357 1362 2395 obsidionis
1380 2355 1592 2394 calamitas.
1623 2348 1751 2389 Tanta
1761 2352 1869 2387 enim

339 2428 562 2465 laboratum
573 2423 624 2460 est
634 2419 764 2471 inopia
772 2431 904 2456 rerum
914 2419 1115 2459 omnium,
1128 2427 1209 2464 quae
1220 2414 1267 2451 ad.
1283 2414 1427 2450 via-um
1437 2413 1635 2461 pertinent
1644 2434 1654 2449 ,
1665 2419 1706 2444 ut
1716 2408 1869 2454 equinae

339 2486 376 2521 &
385 2482 533 2519 asmma:
542 2490 676 2517 carnes
688 2475 842 2514 obseffis
860 2487 928 2524 pro
938 2473 1040 2511 dulci
1049 2474 1141 2509 cibo
1156 2471 1315 2508 fuerint.
1351 2468 1422 2505 Per
1433 2467 1591 2505 eosdem
1601 2465 1683 2501 dies
1696 2465 1815 2500 eriam
1825 2463 1866 2498 li-

339 2541 424 2589 gnis
436 2538 482 2574 ad
492 2537 625 2574 cibum
635 2534 894 2582 coquendum
905 2528 1194 2569 deficientibus,
1207 2526 1318 2564 miles
1335 2523 1606 2575 pulcherrimas
1617 2520 1762 2556 civium
1774 2519 1869 2555 aedcs

338 2596 471 2636 diruit,
500 2595 542 2629 ln
553 2592 612 2629 his
624 2591 734 2627 malis
744 2592 883 2627 iterum
900 2585 1080 2624 lacess'ere
1092 2583 1282 2621 obsessum
1292 2581 1449 2618 Gallus:
1468 2579 1670 2616 Germano
1686 2575 1868 2612 excubias

338 2648 635 2701 agenti,assninae
644 2648 768 2683 carnis
779 2644 886 2682 esum
894 2639 1326 2693 exprobrare:st1pendia
1337 2638 1480 2673 iterum
1488 2633 1701 2681 efflagitare
1710 2630 1867 2668 Germa-

341 2710 394 2746 ni.
426 2706 628 2743 Antonius
638 2702 847 2752 pecuniam
856 2709 1048 2749 quantam
1056 2695 1177 2748 poffet
1187 2690 1340 2744 publice
1350 2688 1613 2742 privatimcjue
1629 2697 1673 2725 ut
1689 2686 1864 2724 corrade-

341 2774 398 2801 ret
410 2791 419 2806 ,
433 2761 677 2798 acanonicis
695 2757 852 2807 Templi
866 2755 1028 2800 Maioris
1037 2762 1221 2791 mutuum
1233 2750 1389 2798 accipit:
1399 2747 1525 2787 fasces,
1536 2743 1701 2793 infignia
1713 2772 1723 2785 ,
1741 2742 1803 2780 vel
1811 2753 1866 2780 ar-

342 2829 508 2870 genteos
524 2816 680 2853 baculos
698 2815 740 2850 in
757 2823 967 2850 nummum
983 2809 1127 2848 conflat
1142 2837 1151 2851 ‚
1169 2807 1236 2856 qui
1249 2802 1469 2843 Ticinenfis
1484 2800 1632 2839 Scholae
1649 2797 1805 2837 nestori
1819 2799 1867 2835 ad

343 2875 532 2918 Comitia,
540 2872 601 2911 vel
611 2871 725 2909 eunti
735 2866 826 2913 alio,
835 2868 1000 2918 praeferri
1011 2865 1306 2903 consueverant.
1334 2864 1429 2915 Qae
1438 2858 1564 2898 rursus
1575 2868 1666 2896 cum
1674 2866 1758 2893 non
1768 2853 1865 2891 suffi-

1747 2918 1862 2953 cerer,

2030 3018 2039 3040 Ἰ

2029 3043 2039 3238 i

2037 3263 2039 3279 l

2025 3294 2039 3360 ἐ

2024 3377 2039 3418 Ἰῑ
