2039 3434
328 223 468 264 Paeana
486 224 755 263 decantavere.
805 220 952 261 Sfortia
967 167 1140 273 tempozi
1154 221 1383 262 cedendum
1394 229 1501 263 ratus
1514 249 1529 268 ,
1553 229 1662 264 trans
1678 222 1800 277 Alpes
1810 223 1871 267 fu.

328 282 461 331 giem,
477 281 761 332 Oenipontum
769 278 818 317 ad
826 277 1016 321 Caesarem
1030 277 1068 318 se
1082 278 1254 318 contulit
1264 279 1444 328 :triginta
1457 278 1573 318 mulis
1586 277 1816 319 thesaurum
1823 291 1872 320 ac

330 336 613 445 {uzu-'egilem
626 335 906 398 deferentibus.
965 335 1106 388 Atque
1120 335 1202 376 haec
1217 332 1300 389 fere
1311 346 1423 391 auno
1438 334 1558 383 seculi
1571 336 1654 385 ejus
1670 335 1872 393 postremo

991 1931 1000 1950 Ι

714 1951 721 1956 ·
1000 1960 1018 1964 ,,
1058 1944 1059 1947 ’
1532 1947 1624 1962 f&
1756 1956 1765 1963 ιγ

427 1978 550 2021 Initio
558 1978 760 2033 sequentis
770 1978 868 2020 anni
875 1978 1033 2027 Sfortia,
1038 1978 1102 2034 spe
1109 1979 1385 2033 recuperando
1392 1978 1576 2026 ditionis,
1588 1979 1736 2021 bellum
1743 1988 1861 2033 parat.

318 2036 427 2078 Nam
441 2038 722 2077 imminentem
735 2035 757 2075 a
773 2036 900 2076 Gallia
918 2037 1189 2090 tempestatem
1206 2037 1360 2078 dudum
1373 2038 1589 2088 praevidens
1602 2065 1615 2082 ,
1632 2037 1667 2076 G
1672 2038 1863 2076 aleacium

318 2105 404 2132 non
414 2095 548 2145 paucis
565 2103 722 2132 tantum
739 2090 853 2132 causa
867 2094 913 2132 in
929 2094 1114 2135 Sueviam
1127 2093 1304 2138 miserat,
1330 2092 1396 2132 scd
1408 2094 1528 2132 etiam
1538 2103 1582 2132 ut
1589 2093 1862 2132 Helvetiorum

319 2151 572 2200 quorundam
583 2151 738 2188 animos
747 2148 816 2188 fibi
826 2150 1070 2189 conciliaret.
1099 2149 1134 2188 Is
1145 2159 1242 2189 tunc
1248 2151 1299 2191 ad
1306 2161 1375 2188 cos
1383 2149 1584 2201 profectus,
1591 2150 1768 2200 quinque
1777 2147 1863 2186 mil-

318 2207 371 2244 lia
378 2207 563 2246 mercede
571 2205 763 2245 conduxit
773 2207 863 2256 :qui
873 2205 928 2245 ob
936 2205 1288 2251 foedusGauicnm,
1297 2207 1423 2244 domo
1430 2206 1535 2245 abire
1543 2205 1750 2258 prohibiti,
1760 2205 1862 2243 invi-

317 2273 363 2301 to
371 2262 594 2312 magistratu
603 2265 646 2300 in
655 2261 803 2300 ltaliam
812 2260 890 2300 sese
900 2263 1148 2302 abdiderunt.
1175 2262 1249 2301 His
1263 2262 1505 2314 accedebant
1520 2261 1697 2301 &Caesare
1707 2262 1862 2301 auxilia·

318 2329 377 2358 res
388 2317 674 2357 Athefinorum
683 2320 802 2368 copiae
812 2332 819 2355 :
829 2320 1037 2369 quingenti
1051 2317 1208 2370 insuper
1220 2321 1350 2370 gravis
1364 2328 1565 2358 armaturae
1573 2320 1724 2369 equites
1733 2345 1745 2362 ,
1760 2328 1863 2368 quos

319 2374 424 2414 beno
432 2374 639 2413 Helvetico
649 2373 848 2426 Philippus
863 2373 885 2412 ὲ
893 2375 1087 2425 Sequanis
1095 2375 1197 2427 patri
1211 2374 1371 2414 miserat.
1396 2374 1571 2413 Insubres
1591 2387 1754 2426 quoquc
1764 2386 1863 2412 non·

316 2443 342 2469 n
349 2430 418 2468 ulli
427 2431 467 2468 in
477 2429 552 2468 fide
561 2430 689 2468 adhuc
698 2430 941 2474 manserant,
953 2431 1096 2481 quibus
1103 2441 1296 2483 praeerant
1313 2431 1504 2470 Ascanius
1518 2431 1663 2470 Sfortia
1672 2431 1862 2470 Cardina-

320 2486 586 2531 lis,Ludovici
594 2486 731 2524 frater:
742 2487 854 2533 cujus
865 2484 1034 2525 maxime
1051 2485 1271 2536 operatum
1279 2488 1413 2526 omnis
1426 2483 1508 2526 fere
1522 2487 1623 2525 ditio
1630 2488 1764 2538 paucis
1782 2487 1862 2525 die-

315 2543 387 2582 bus
396 2554 437 2580 re
447 2552 558 2593 cepta
567 2541 712 2586 fuiffet,
729 2542 1052 2582 Mediolanenses
1059 2550 1080 2584 ⁴.
1094 2542 1236 2582 averiis
1243 2542 1265 2582 ὲ
1273 2543 1390 2582 Gallo
1400 2543 1543 2582 animis
1552 2553 1724 2582 veterem
1733 2542 1862 2580 domi-

315 2610 420 2637 num
432 2600 508 2638 laeti
518 2596 711 2648 excepere.
740 2598 906 2638 Interim
920 2598 1044 2638 Caesar
1056 2610 1126 2650 per
1141 2600 1316 2638 nuncios
1324 2611 1418 2638 cum
1431 2599 1624 2638 Helvetiis
1632 2599 1770 2649 agebat
1782 2628 1792 2641 .
1810 2610 1862 2636 ne

314 2655 420 2703 Regi
426 2665 545 2704 opem
555 2654 722 2696 ferrent,
741 2653 805 2692 sed
816 2654 969 2693 Sfortiae
976 2656 1097 2704 magis
1106 2668 1190 2694 rem
1204 2654 1409 2700 foverent,
1423 2656 1494 2705 qui
1507 2657 1677 2706 Imperio
1686 2654 1860 2696 addictus
1872 2683 1873 2687 ,

315 2709 419 2749 effer.
446 2710 624 2748 Aderant
638 2706 734 2748 verb
742 2711 779 2748 &
796 2712 915 2760 Regis
924 2711 1042 2760 legati
1052 2737 1066 2753 ,
1074 2713 1143 2762 qui
1151 2712 1236 2758 jura¹
1243 2712 1322 2757 cius
1339 2712 1379 2749 in
1394 2711 1659 2763 principatum
1666 2711 1857 2750 Mediola-

316 2765 482 2805 nensem
493 2765 716 2815 allegarunt.
748 2767 852 2804 Inter
861 2767 941 2806 haec
951 2768 1181 2806 Ludox‘ricus
1187 2767 1332 2806 Sfortia
1340 2794 1351 2811 ,
1360 2767 1497 2805 relisto
1506 2768 1554 2806 ad
1561 2768 1658 2805 arcis
1669 2768 1858 2806 Mediola-

317 2821 448 2861 nensis
458 2820 706 2860 obsidionem
716 2821 886 2861 Ascanio
895 2823 1105 2877 fratrc‚ipse
1112 2824 1327 2866 Novariam
1333 2823 1539 2878 profectus,
1549 2824 1672 2878 oppid
1679 2836 1744 2863 um
1754 2825 1792 2862 ἀ
1803 2835 1858 2862 ar-

316 2890 404 2919 cem
414 2877 693 2930 inpotestatem
704 2878 864 2928 redegit.
944 2876 952 2888 ³
1690 2920 1696 2925 ,

1748 2934 1855 2975 lutet
